@article{dor2007dtssm,
  title={DTSSM (Duration Times Spread)},
  author={Dor, A Ben and Dynkin, Lev and Hyman, Jay and Houweling, Patrick and van Leeuwen, Erik and Penninga, Olaf},
  year={2007}
}